<collection xmlns="http://www.loc.gov/MARC21/slim">
<record>
  <leader>00903ncm0a22002171i 450 </leader>
  <controlfield tag="001">IT\ICCU\CNCE\044784</controlfield>
  <controlfield tag="005">20060406000000.0</controlfield>
  <datafield tag="100" ind1=" " ind2=" ">
    <subfield code="a">19990105d1555        0itac0103    ba</subfield>
  </datafield>
  <datafield tag="101" ind1=" " ind2=" ">
    <subfield code="a">LAT</subfield>
  </datafield>
  <datafield tag="102" ind1=" " ind2=" ">
    <subfield code="a">IT</subfield>
  </datafield>
  <datafield tag="200" ind1="1" ind2=" ">
    <subfield code="a">Liber primus epigramatum que vulgo motetta dicuntur, cum quinque, sex et octo vocibus</subfield>
  </datafield>
  <datafield tag="210" ind1=" " ind2=" ">
    <subfield code="a">Roma</subfield>
    <subfield code="c">apud Valerium Doricum</subfield>
    <subfield code="d">et Aloysium fratres Brixienses</subfield>
    <subfield code="d">1555</subfield>
  </datafield>
  <datafield tag="300" ind1=" " ind2=" ">
    <subfield code="a">RISM: 5, L 3091</subfield>
  </datafield>
  <datafield tag="620" ind1=" " ind2=" ">
    <subfield code="a">IT</subfield>
    <subfield code="d">Roma</subfield>
  </datafield>
  <datafield tag="700" ind1=" " ind2="1">
    <subfield code="a">Lusitano,</subfield>
    <subfield code="b">Vicente</subfield>
    <subfield code="3">IT\ICCU\CNCA\010481</subfield>
  </datafield>
  <datafield tag="712" ind1="0" ind2="0">
    <subfield code="a">Dorico, Valerio &amp; Dorico, Luigi</subfield>
    <subfield code="3">IT\ICCU\CNCT\000187</subfield>
    <subfield code="4">650</subfield>
  </datafield>
  <datafield tag="790" ind1=" " ind2="1">
    <subfield code="a">Olivenȧ,</subfield>
    <subfield code="b">Vicente : de</subfield>
    <subfield code="3">IT\ICCU\CNCA\013641</subfield>
    <subfield code="z">Lusitano, Vicente</subfield>
  </datafield>
  <datafield tag="790" ind1=" " ind2="1">
    <subfield code="a">Lusitano,</subfield>
    <subfield code="b">Vincentio</subfield>
    <subfield code="3">IT\ICCU\CNCA\021353</subfield>
    <subfield code="z">Lusitano, Vicente</subfield>
  </datafield>
  <datafield tag="790" ind1=" " ind2="0">
    <subfield code="a">Vicente</subfield>
    <subfield code="c"> : Lusitano</subfield>
    <subfield code="3">IT\ICCU\CNCA\026342</subfield>
    <subfield code="z">Lusitano, Vicente</subfield>
  </datafield>
  <datafield tag="791" ind1="0" ind2="0">
    <subfield code="a">Dorico, Luigi</subfield>
    <subfield code="3">IT\ICCU\CNCT\000188</subfield>
    <subfield code="z">Dorico, Valerio &amp; Dorico, Luigi</subfield>
  </datafield>
  <datafield tag="801" ind1=" " ind2="3">
    <subfield code="a">IT</subfield>
    <subfield code="b">ICCU</subfield>
    <subfield code="c">20201114</subfield>
  </datafield>
</record>
</collection>
